@book{monte_carlo_methods,
  title={Handbook of monte carlo methods},
  author={Kroese, Dirk P and Taimre, Thomas and Botev, Zdravko I},
  year={2013},
  publisher={John Wiley \& Sons},
}

@book{mcmc_handbook,
  title={Handbook of markov chain monte carlo},
  author={Brooks, Steve and Gelman, Andrew and Jones, Galin and Meng, Xiao-Li},
  year={2011},
  publisher={CRC press}
}

@article{mcmc_wang,
    title = {Markov Chain Monte Carlo},
    journal = {MARKOV CHAIN MONTE CARLO},
    author = {Wang, Ryan},
    year = {2009}
}

@book{mcmc_practice,
  title={Markov chain Monte Carlo in practice},
  author={Gilks, Walter R and Richardson, Sylvia and Spiegelhalter, David},
  year={1995},
  publisher={CRC press}
}

@article{ergodicity,
    title={Markov Chains and the Ergodic Theorem},
    author={Casarotto, Chad},
    year={2007}
}

@article{gpmh_broshure,
    author = {Wolf, Sebastian and Seelinger, Linus and Bader, Michael},
    title = {Parallel uncertainty quantification with fused simulations},
    year = {2023}
}


@article{understanding_mh,
author = {Siddhartha Chib and Edward Greenberg},
title = {Understanding the Metropolis-Hastings Algorithm},
journal = {The American Statistician},
volume = {49},
number = {4},
pages = {327--335},
year = {1995},
publisher = {Taylor \& Francis},
doi = {10.1080/00031305.1995.10476177},
URL = {https://www.tandfonline.com/doi/abs/10.1080/00031305.1995.10476177}
}

@article{metropolis,
  title={The metropolis algorithm},
  author={Bhanot, Gyan},
  journal={Reports on Progress in Physics},
  volume={51},
  number={3},
  pages={429},
  year={1988},
  publisher={IOP Publishing}
}


@article{ComparisonSampling,
author = {Andrieu, Christophe and Freitas, Nando and Doucet, Arnaud and Jordan, Michael},
year = {2003},
month = {01},
pages = {5-43},
title = {An Introduction to MCMC for Machine Learning},
volume = {50},
journal = {Machine Learning},
doi = {10.1023/A:1020281327116}
}

@article{ImportanceSampling,
author = {Atzberger, Paul},
year = {2010},
month = {09},
pages = {},
title = {Strategies for Improving the Efficiency of Monte-Carlo Methods}
}

@article{base_parallel,
      title={Parallel Markov Chain Monte Carlo}, 
      author={Douglas N. VanDerwerken and Scott C. Schmidler},
      year={2013},
      eprint={1312.7479},
      archivePrefix={arXiv},
}

@book{densityFunction,
  title={Probability and Statistics},
  author={DeGroot, M.H. and Schervish, M.J.},
  isbn={9781292025049},
  series={Pearson custom library},
  url={https://books.google.de/books?id=hIPkngEACAAJ},
  year={2013},
  publisher={Pearson Education}
}

@Inbook{SatzBayes,
author="Harney, Hanns L.",
title="Bayes' Theorem",
bookTitle="Bayesian Inference: Parameter Estimation and Decisions",
year="2003",
publisher="Springer Berlin Heidelberg",
address="Berlin, Heidelberg",
pages="8--18",
isbn="978-3-662-06006-3",
doi="10.1007/978-3-662-06006-3_2",
url="https://doi.org/10.1007/978-3-662-06006-3_2"
}

@book{likelihood_idea,
  title={The use of the likelihood function in statistical practice},
  author={Barnard, George A},
  booktitle={Proceedings of the Fifth Berkeley Symposium on Mathematical Statistics and Probability},
  volume={1},
  pages={27--40},
  year={1967},
  organization={Univ of California Press}
}

@book{bayesian_inference,
  title={Bayesian inference in statistical analysis},
  author={Box, George EP and Tiao, George C},
  year={2011},
  publisher={John Wiley \& Sons}
}

@article{hydrology_dataset,
  title={A fresh look at variography: measuring dependence and possible sensitivities across geophysical systems from any given data},
  author={Sheikholeslami, Razi and Razavi, Saman},
  journal={Geophysical Research Letters},
  volume={47},
  number={20},
  pages={e2020GL089829},
  year={2020},
  publisher={Wiley Online Library}
}

@book{streamflow,
  title={Streamflow measurement},
  author={Herschy, Reginald W},
  year={2008},
  publisher={CRC press}
}

@article{hydrology,
  title={Revisiting the basis of sensitivity analysis for dynamical earth system models},
  author={Gupta, Hoshin V and Razavi, Saman},
  journal={Water Resources Research},
  volume={54},
  number={11},
  pages={8692--8717},
  year={2018},
  publisher={Wiley Online Library}
}

@article{time_series,
  title={Time series decomposition},
  author={West, Mike},
  journal={Biometrika},
  volume={84},
  number={2},
  pages={489--494},
  year={1997},
  publisher={Oxford University Press}
}

@inproceedings{stat_models_decompose,
  title={Time Series Analysis in Python with statsmodels.},
  author={McKinney, Wes and Perktold, Josef and Seabold, Skipper},
  booktitle={SciPy},
  pages={107--113},
  year={2011}
}

@article{hbv,
  title={The HBV model.},
  author={Bergstr{\"o}m, Sten and others},
  journal={Computer models of watershed hydrology.},
  pages={443--476},
  year={1995},
  publisher={Water Resources Publications}
}

@Article{sask,
AUTHOR = {Sheikholeslami, R. and Razavi, S. and Haghnegahdar, A.},
TITLE = {What should we do when a model crashes? Recommendations for global
sensitivity analysis of Earth and environmental systems models},
JOURNAL = {Geoscientific Model Development},
VOLUME = {12},
YEAR = {2019},
NUMBER = {10},
PAGES = {4275--4296},
URL = {https://gmd.copernicus.org/articles/12/4275/2019/},
DOI = {10.5194/gmd-12-4275-2019}
}